@article{Vaswani2017Jun,
	author = {Vaswani, Ashish and Shazeer, Noam and Parmar, Niki and Uszkoreit, Jakob and Jones, Llion and Gomez, Aidan N. and Kaiser, Lukasz and Polosukhin, Illia},
	title = {{Attention Is All You Need}},
	journal = {arXiv},
	year = {2017},
	month = {Jun},
	eprint = {1706.03762},
	url = {https://arxiv.org/abs/1706.03762v5}
}

@article{Gehring2017May,
	author = {Gehring, Jonas and Auli, Michael and Grangier, David and Yarats, Denis and Dauphin, Yann N.},
	title = {{Convolutional Sequence to Sequence Learning}},
	journal = {arXiv},
	year = {2017},
	month = {May},
	eprint = {1705.03122},
	url = {https://arxiv.org/abs/1705.03122v3}
}

@misc{AWSTranslatePricing,
	title = {{Amazon Translate Pricing - Amazon Web Services (AWS)}},
	journal = {Amazon Web Services, Inc},
	year = {2021},
	month = {Sep},
	note = {[Online; accessed 22. Sep. 2021]},
	url = {https://aws.amazon.com/translate/pricing}
}

@misc{GoogleTranslatePricing,
	title = {{Pricing {$\vert$} Cloud Translation {$\vert$} Google Cloud}},
	journal = {Google Cloud},
	year = {2021},
	month = {Sep},
	note = {[Online; accessed 22. Sep. 2021]},
	url = {https://cloud.google.com/translate/pricing}
}

@misc{MicrosoftTranslatePricing,
	title = {{Pricing - Translator {$\vert$} Microsoft Azure}},
	year = {2021},
	month = {Sep},
	note = {[Online; accessed 22. Sep. 2021]},
	url = {https://azure.microsoft.com/en-us/pricing/details/cognitive-services/translator}
}

@misc{PatentOffice2020Jul,
	author = {Office, European Patent},
	title = {{Patent Translate}},
	year = {2018},
	month = {Jul},
	note = {[Online; accessed 19. Sep. 2021]},
	url = {https://www.epo.org/searching-for-patents/helpful-resources/patent-translate.html}
}

@inproceedings{HistoryNeco1997Jun,
	author = {Neco, R. P. and Forcada, M. L.},
	title = {{Asynchronous translations with recurrent neural nets}},
	booktitle = {{Proceedings of International Conference on Neural Networks (ICNN'97)}},
	volume = {4},
	pages = {2535--2540 vol.4},
	year = {1997},
	month = {Jun},
	isbn = {978-0-7803-4122},
	publisher = {IEEE},
	doi = {10.1109/ICNN.1997.614693}
}

@article{HistoryBengio2003Mar,
	author = {Bengio, Yoshua and Ducharme, R{\ifmmode\acute{e}\else\'{e}\fi}jean and Vincent, Pascal and Janvin, Christian},
	title = {{A neural probabilistic language model}},
	journal = {J. Mach. Learn. Res.},
	volume = {3},
	pages = {1137--1155},
	year = {2003},
	month = {Mar},
	issn = {1532-4435},
	publisher = {JMLR.org},
	doi = {10.5555/944919.944966}
}

@article{HistoryBrown1990ASA,
  title={A Statistical Approach to Machine Translation},
  author={Peter F. Brown and John Cocke and Stephen Della Pietra and Vincent J. Della Pietra and Frederick Jelinek and John D. Lafferty and Robert L. Mercer and Paul S. Roossin},
  journal={Comput. Linguistics},
  year={1990},
  volume={16},
  pages={79-85}
}

@article{HistoryKoehn2003Jan,
	author = {Koehn, Philipp and Och, Franz J. and Marcu, Daniel and Del Rey Information Sciences Inst, University Of Southern California Marina},
	title = {{Statistical Phrase-Based Translation}},
	journal = {DTIC},
	year = {2003},
	month = {Jan},
	url = {https://apps.dtic.mil/sti/citations/ADA461156}
}

@inproceedings{Historykalchbrenner-blunsom-2013,
    title = "Recurrent Continuous Translation Models",
    author = "Kalchbrenner, Nal and Blunsom, Phil",
    booktitle = "Proceedings of the 2013 Conference on Empirical Methods in Natural Language Processing",
    month = oct,
    year = "2013",
    address = "Seattle, Washington, USA",
    publisher = "Association for Computational Linguistics",
    url = "https://aclanthology.org/D13-1176",
    pages = "1700--1709",
}

@article{HistoryCho2014Jun,
	author = {Cho, Kyunghyun and van Merrienboer, Bart and Gulcehre, Caglar and Bahdanau, Dzmitry and Bougares, Fethi and Schwenk, Holger and Bengio, Yoshua},
	title = {{Learning Phrase Representations using RNN Encoder-Decoder for Statistical Machine Translation}},
	journal = {arXiv},
	year = {2014},
	month = {Jun},
	eprint = {1406.1078},
	url = {https://arxiv.org/abs/1406.1078v3}
}

@article{HistorySutskever2014Sep,
	author = {Sutskever, Ilya and Vinyals, Oriol and Le, Quoc V.},
	title = {{Sequence to Sequence Learning with Neural Networks}},
	journal = {arXiv},
	year = {2014},
	month = {Sep},
	eprint = {1409.3215},
	url = {https://arxiv.org/abs/1409.3215v3}
}

@article{HistoryBahdanau2014Sep,
	author = {Bahdanau, Dzmitry and Cho, Kyunghyun and Bengio, Yoshua},
	title = {{Neural Machine Translation by Jointly Learning to Align and Translate}},
	journal = {arXiv},
	year = {2014},
	month = {Sep},
	eprint = {1409.0473},
	url = {https://arxiv.org/abs/1409.0473v7}
}

@article{HistoryTan2020Dec,
	author = {Tan, Zhixing and Wang, Shuo and Yang, Zonghan and Chen, Gang and Huang, Xuancheng and Sun, Maosong and Liu, Yang},
	title = {{Neural Machine Translation: A Review of Methods, Resources, and Tools}},
	journal = {arXiv},
	year = {2020},
	month = {Dec},
	eprint = {2012.15515},
	url = {https://arxiv.org/abs/2012.15515v1}
}

@article{HistoryHochreiter1997,
	author={Hochreiter, Sepp and Schmidhuber, Jürgen},
	journal={Neural Computation},
	title={Long Short-Term Memory},
	year={1997},
	volume={9},
	number={8},
	pages={1735--1780},
	doi={10.1162/neco.1997.9.8.1735}
}

@article{HistoryChung2014Dec,
	author = {Chung, Junyoung and Gulcehre, Caglar and Cho, KyungHyun and Bengio, Yoshua},
	title = {{Empirical Evaluation of Gated Recurrent Neural Networks on Sequence Modeling}},
	journal = {arXiv},
	year = {2014},
	month = {Dec},
	eprint = {1412.3555},
	url = {https://arxiv.org/abs/1412.3555v1}
}

@article{HistoryGehring2016Nov,
	author = {Gehring, Jonas and Auli, Michael and Grangier, David and Dauphin, Yann N.},
	title = {{A Convolutional Encoder Model for Neural Machine Translation}},
	journal = {arXiv},
	year = {2016},
	month = {Nov},
	eprint = {1611.02344},
	url = {https://arxiv.org/abs/1611.02344v3}
}

@InProceedings{HelsinkiTiedemannThottingal2020,
  author = {J{\"o}rg Tiedemann and Santhosh Thottingal},
  title = {{OPUS-MT} — {B}uilding open translation services for the {W}orld},
  booktitle = {Proceedings of the 22nd Annual Conferenec of the European Association for Machine Translation (EAMT)},
  year = {2020},
  address = {Lisbon, Portugal}
 }

 @article{DistillationHinton2015Mar,
	author = {Hinton, Geoffrey and Vinyals, Oriol and Dean, Jeff},
	title = {{Distilling the Knowledge in a Neural Network}},
	journal = {arXiv},
	year = {2015},
	month = {Mar},
	eprint = {1503.02531},
	url = {https://arxiv.org/abs/1503.02531v1}
}

@misc{Projectmanagercost,
	title = {{Project Manager, Information Technology (IT)}},
	year = {2021},
	month = {Oct},
	note = {[Online; accessed 6. Oct. 2021]},
	url = {https://www.payscale.com/research/ES/Job=Project_Manager%2C_Information_Technology_(IT)/Salary}
}

@misc{Datascientistcost,
	title = {{Data Scientist}},
	year = {2021},
	month = {Oct},
	note = {[Online; accessed 6. Oct. 2021]},
	url = {https://www.payscale.com/research/ES/Job=Data_Scientist/Salary}
}

@misc{Programmercost,
	title = {{Software Engineer / Developer / Programmer}},
	year = {2021},
	month = {Oct},
	note = {[Online; accessed 7. Oct. 2021]},
	url = {https://www.payscale.com/research/ES/Job=Software_Engineer_%2F_Developer_%2F_Programmer/Salary}
}

@misc{Testercost,
	title = {{Software Tester}},
	year = {2021},
	month = {Oct},
	note = {[Online; accessed 7. Oct. 2021]},
	url = {https://www.payscale.com/research/ES/Job=Software_Tester/Salary}
}

@misc{Tcasualcost,
	title = {{Precio tarjeta T-casual metro bus Barcelona {$\vert$} Transports Metropolitans de Barcelona}},
	year = {2021},
	month = {Oct},
	note = {[Online; accessed 7. Oct. 2021]},
	url = {https://www.tmb.cat/es/tarifas-metro-bus-barcelona/sencillos-e-integrados/t-casual}
}

@misc{CosteLuz,
	title = {{Precio de la tarifa de luz por horas HOY {$\vert$} Consulta ahora xn--0bi}},
	year = {2021},
	month = {Oct},
	note = {[Online; accessed 7. Oct. 2021]},
	url = {https://tarifaluzhora.es}
}

@misc{CosteAgua,
	title = {{Precio de agua en Espa{\ifmmode\tilde{n}\else\~{n}\fi}a: Toda la informaci{\ifmmode\acute{o}\else\'{o}\fi}n}},
	journal = {https://tarifasdeagua},
	year = {2021},
	month = {Oct},
	note = {[Online; accessed 8. Oct. 2021]},
	url = {https://tarifasdeagua.es/info/precio}
}

@misc{ConsumoAgua,
	title = {{Estadística sobre el suministro y saneamiento del agua}},
	year = {2018},
	month = {Nov},
	note = {[Online; accessed 8. Oct. 2021]},
	url = {https://www.ine.es/prensa/essa_2018.pdf}
}

@misc{awssustainability,
	title = {{Sustainability in the Cloud}},
	journal = {Sustainability - US},
	year = {2021},
	month = {Oct},
	note = {[Online; accessed 11. Oct. 2021]},
	url = {https://sustainability.aboutamazon.com/environment/the-cloud}
}

@article{Tay2020Sep,
	author = {Tay, Yi and Dehghani, Mostafa and Bahri, Dara and Metzler, Donald},
	title = {{Efficient Transformers: A Survey}},
	journal = {arXiv},
	year = {2020},
	month = {Sep},
	eprint = {2009.06732},
	url = {https://arxiv.org/abs/2009.06732v2}
}

@article{Lin2021Jun,
	author = {Lin, Tianyang and Wang, Yuxin and Liu, Xiangyang and Qiu, Xipeng},
	title = {{A Survey of Transformers}},
	journal = {arXiv},
	year = {2021},
	month = {Jun},
	eprint = {2106.04554},
	url = {https://arxiv.org/abs/2106.04554v2}
}

@misc{Apache2license,
	title = {{Apache License, Version 2.0}},
	year = {2021},
	month = {Oct},
	note = {[Online; accessed 12. Dec. 2021]},
	url = {https://www.apache.org/licenses/LICENSE-2.0}
}

@misc{BSD3Clause,
	title = {{The 3-Clause BSD License {$\vert$} Open Source Initiative}},
	year = {2021},
	month = {Dec},
	note = {[Online; accessed 12. Dec. 2021]},
	url = {https://opensource.org/licenses/BSD-3-Clause}
}

@misc{MITLicense,
	title = {{The MIT License {$\vert$} Open Source Initiative}},
	year = {2021},
	month = {Dec},
	note = {[Online; accessed 12. Dec. 2021]},
	url = {https://opensource.org/licenses/MIT}
}

@misc{Postgreslicense,
	title = {{The PostgreSQL Licence (PostgreSQL) {$\vert$} Open Source Initiative}},
	year = {2021},
	month = {Dec},
	note = {[Online; accessed 12. Dec. 2021]},
	url = {https://opensource.org/licenses/PostgreSQL}
}